<record><leader>00000cas a22000007a 4500</leader><controlfield tag="001">23106338</controlfield><controlfield tag="008">910215d19881990gauwr ne      0    0eng d</controlfield><datafield ind1=" " ind2=" " tag="010"><subfield code="a">sn 91099101 </subfield></datafield><datafield ind1=" " ind2=" " tag="040"><subfield code="a">NLG</subfield><subfield code="b">eng</subfield><subfield code="c">NLG</subfield><subfield code="d">GUA</subfield><subfield code="d">OCLCQ</subfield><subfield code="d">OCLCF</subfield><subfield code="d">OCLCO</subfield></datafield><datafield ind1="1" ind2=" " tag="029"><subfield code="a">AU@</subfield><subfield code="b">000025877543</subfield></datafield><datafield ind1=" " ind2=" " tag="042"><subfield code="a">msc</subfield></datafield><datafield ind1=" " ind2=" " tag="043"><subfield code="a">n-us-ga</subfield></datafield><datafield ind1="0" ind2="0" tag="245"><subfield code="a">South Cobb news.</subfield></datafield><datafield ind1=" " ind2=" " tag="260"><subfield code="a">Austell, Ga. :</subfield><subfield code="b">Dawn Stringer,</subfield><subfield code="c">[1988]-1990.</subfield></datafield><datafield ind1=" " ind2=" " tag="300"><subfield code="a">v.</subfield></datafield><datafield ind1=" " ind2=" " tag="310"><subfield code="a">Weekly</subfield></datafield><datafield ind1="1" ind2=" " tag="362"><subfield code="a">Began with Sept. 21, 1988 issue.</subfield></datafield><datafield ind1="0" ind2=" " tag="362"><subfield code="a">-Aug. 29, 1990.</subfield></datafield><datafield ind1=" " ind2=" " tag="530"><subfield code="a">Also on microfilm: Athens, Ga. : University of Georgia Libraries.</subfield></datafield><datafield ind1=" " ind2="0" tag="651"><subfield code="a">Austell (Ga.)</subfield><subfield code="v">Newspapers.</subfield></datafield><datafield ind1=" " ind2="0" tag="651"><subfield code="a">Cobb County (Ga.)</subfield><subfield code="v">Newspapers.</subfield></datafield><datafield ind1=" " ind2="7" tag="655"><subfield code="a">Newspapers.</subfield><subfield code="2">fast</subfield><subfield code="0">(OCoLC)fst01423814</subfield></datafield><datafield ind1=" " ind2="7" tag="651"><subfield code="a">Georgia</subfield><subfield code="z">Austell.</subfield><subfield code="2">fast</subfield><subfield code="0">(OCoLC)fst01228893</subfield></datafield><datafield ind1=" " ind2="7" tag="651"><subfield code="a">Georgia</subfield><subfield code="z">Cobb County.</subfield><subfield code="2">fast</subfield><subfield code="0">(OCoLC)fst01211778</subfield></datafield><datafield ind1=" " ind2=" " tag="752"><subfield code="a">United States</subfield><subfield code="b">Georgia</subfield><subfield code="c">Cobb</subfield><subfield code="d">Austell.</subfield></datafield><datafield ind1="0" ind2="0" tag="780"><subfield code="t">Sweetwater news enterprise</subfield><subfield code="w">(DLC)sn 79002747</subfield><subfield code="w">(OCoLC)4939065</subfield></datafield><datafield ind1="0" ind2="0" tag="785"><subfield code="t">Tri-county news (Austell, Ga.)</subfield><subfield code="w">(DLC)sn 91099102</subfield><subfield code="w">(OCoLC)23106303</subfield></datafield></record>